@article{Barone2017,
  doi = {10.1371/journal.pcbi.1005755},
  url = {https://doi.org/10.1371/journal.pcbi.1005755},
  year = {2017},
  month = oct,
  publisher = {Public Library of Science ({PLoS})},
  volume = {13},
  number = {10},
  pages = {e1005755},
  author = {Lindsay Barone and Jason Williams and David Micklos},
  editor = {Francis Ouellette},
  title = {Unmet needs for analyzing biological big data: A survey of 704 {NSF} principal investigators},
  journal = {{PLOS} Computational Biology}
}

@web{Bockeler_2020,
  url = {https://martinfowler.com/articles/on-pair-programming.html},
  year = {2020},
  author = {Birgitta BÃ¶ckeler and Nina Siessegger},
  title = {On Pair Programming}
}

@article{Bud2010,
  doi = {10.1007/s10734-010-9366-y},
  url = {https://doi.org/10.1007/s10734-010-9366-y},
  year = {2010},
  month = oct,
  publisher = {Springer Science and Business Media {LLC}},
  volume = {62},
  number = {1},
  pages = {69--79},
  author = {Luc Bud{\'{e}} and Tjaart Imbos and Margaretha W. van de Wiel and Martijn P. Berger},
  title = {The effect of distributed practice on students' conceptual understanding of statistics},
  journal = {Higher Education}
}

@article{Carey2018,
  doi = {10.1371/journal.pcbi.1005871},
  url = {https://doi.org/10.1371/journal.pcbi.1005871},
  year = {2018},
  month = jan,
  publisher = {Public Library of Science ({PLoS})},
  volume = {14},
  number = {1},
  pages = {e1005871},
  author = {Maureen A. Carey and Jason A. Papin},
  editor = {Scott Markel},
  title = {Ten simple rules for biologists learning to program},
  journal = {{PLOS} Computational Biology}
}

@article{Carpenter2012,
  doi = {10.1007/s10648-012-9205-z},
  url = {https://doi.org/10.1007/s10648-012-9205-z},
  year = {2012},
  month = aug,
  publisher = {Springer Science and Business Media {LLC}},
  volume = {24},
  number = {3},
  pages = {369--378},
  author = {Shana K. Carpenter and Nicholas J. Cepeda and Doug Rohrer and Sean H. K. Kang and Harold Pashler},
  title = {Using Spacing to Enhance Diverse Forms of Learning: Review of Recent Research and Implications for Instruction},
  journal = {Educational Psychology Review}
}

@article{Feldon2017,
  doi = {10.1073/pnas.1705783114},
  url = {https://doi.org/10.1073/pnas.1705783114},
  year = {2017},
  month = aug,
  publisher = {Proceedings of the National Academy of Sciences},
  volume = {114},
  number = {37},
  pages = {9854--9858},
  author = {David F. Feldon and Soojeong Jeong and James Peugh and Josipa Roksa and Cathy Maahs-Fladung and Alok Shenoy and Michael Oliva},
  title = {Null effects of boot camps and short-format training for {PhD} students in life sciences},
  journal = {Proceedings of the National Academy of Sciences}
}

@article{Hanks2011,
  doi = {10.1080/08993408.2011.579808},
  url = {https://doi.org/10.1080/08993408.2011.579808},
  year = {2011},
  month = jun,
  publisher = {Informa {UK} Limited},
  volume = {21},
  number = {2},
  pages = {135--173},
  author = {Brian Hanks and Sue Fitzgerald and Ren{\'{e}}e McCauley and Laurie Murphy and Carol Zander},
  title = {Pair programming in education: a literature review},
  journal = {Computer Science Education}
}

@article{Huppenkothen2018,
  doi = {10.1073/pnas.1717196115},
  url = {https://doi.org/10.1073/pnas.1717196115},
  year = {2018},
  month = aug,
  publisher = {Proceedings of the National Academy of Sciences},
  volume = {115},
  number = {36},
  pages = {8872--8877},
  author = {Daniela Huppenkothen and Anthony Arendt and David W. Hogg and Karthik Ram and Jacob T. VanderPlas and Ariel Rokem},
  title = {Hack weeks as a model for data science education and collaboration},
  journal = {Proceedings of the National Academy of Sciences}
}

@article{Karpicke2008,
  doi = {10.1126/science.1152408},
  url = {https://doi.org/10.1126/science.1152408},
  year = {2008},
  month = feb,
  publisher = {American Association for the Advancement of Science ({AAAS})},
  volume = {319},
  number = {5865},
  pages = {966--968},
  author = {Jeffrey D. Karpicke and Henry L. Roediger},
  title = {The Critical Importance of Retrieval for Learning},
  journal = {Science}
}

@article{Karpicke2011,
  doi = {10.1126/science.1199327},
  url = {https://doi.org/10.1126/science.1199327},
  year = {2011},
  month = jan,
  publisher = {American Association for the Advancement of Science ({AAAS})},
  volume = {331},
  number = {6018},
  pages = {772--775},
  author = {J. D. Karpicke and J. R. Blunt},
  title = {Retrieval Practice Produces More Learning than Elaborative Studying with Concept Mapping},
  journal = {Science}
}

@inproceedings{Kothiyal2014,
  doi = {10.1145/2591708.2591739},
  url = {https://doi.org/10.1145/2591708.2591739},
  year = {2014},
  publisher = {{ACM} Press},
  author = {Aditi Kothiyal and Sahana Murthy and Sridhar Iyer},
  title = {Think-pair-share in a large {CS}1 class},
  booktitle = {Proceedings of the 2014 conference on Innovation {\&} technology in computer science education - {ITiCSE} {\textquotesingle}14}
}

@article{Lonsdale2016,
  doi = {10.1371/journal.pcbi.1004526},
  url = {https://doi.org/10.1371/journal.pcbi.1004526},
  year = {2016},
  month = jan,
  publisher = {Public Library of Science ({PLoS})},
  volume = {12},
  number = {1},
  pages = {e1004526},
  author = {Andrew Lonsdale and Jocelyn Sietsma Penington and Timothy Rice and Michael Walker and Harriet Dashnow},
  editor = {Fran Lewitter},
  title = {Ten Simple Rules for a Bioinformatics Journal Club},
  journal = {{PLOS} Computational Biology}
}

@article{Noble2009,
  doi = {10.1371/journal.pcbi.1000424},
  url = {https://doi.org/10.1371/journal.pcbi.1000424},
  year = {2009},
  month = jul,
  publisher = {Public Library of Science ({PLoS})},
  volume = {5},
  number = {7},
  pages = {e1000424},
  author = {William Stafford Noble},
  editor = {Fran Lewitter},
  title = {A Quick Guide to Organizing Computational Biology Projects},
  journal = {{PLoS} Computational Biology}
}

@article{Rohrer2015a,
  doi = {10.1037/edu0000001},
  url = {https://doi.org/10.1037/edu0000001},
  year = {2015},
  publisher = {American Psychological Association ({APA})},
  volume = {107},
  number = {3},
  pages = {900--908},
  author = {Doug Rohrer and Robert F. Dedrick and Sandra Stershic},
  title = {Interleaved practice improves mathematics learning.},
  journal = {Journal of Educational Psychology}
}

@article{Rohrer2015b,
  doi = {10.1007/s10648-015-9332-4},
  url = {https://doi.org/10.1007/s10648-015-9332-4},
  year = {2015},
  month = jul,
  publisher = {Springer Science and Business Media {LLC}},
  volume = {27},
  number = {4},
  pages = {635--643},
  author = {Doug Rohrer},
  title = {Student Instruction Should Be Distributed Over Long Time Periods},
  journal = {Educational Psychology Review}
}

@article{Schloss_2018,
  doi = {10.21105/jose.00013},
  url = {https://doi.org/10.21105/jose.00013},
  year = {2018},
  month = aug,
  publisher = {The Open Journal},
  volume = {1},
  number = {3},
  pages = {13},
  author = {Patrick D Schloss},
  title = {The {Riffomonas} Reproducible Research Tutorial Series},
  journal = {Journal of Open Source Education}
}

@web{StackOverflow_MREE,
  url = {https://stackoverflow.com/help/minimal-reproducible-example},
  year = {2020},
  author = {{Stack Overflow}},
  title = {How to create a Minimal, Reproducible Example}
}

@book{Wickham_2016,
  isbn = {1491910399},
  url = {https://r4ds.had.co.nz},
  year = {2016},
  publisher = {O'Reilly Media},
  author = {Hadley Wickham and Garrett Grolemund},
  booktitle = {R for Data Science}
}

@article{Wilson2014,
  doi = {10.1371/journal.pbio.1001745},
  url = {https://doi.org/10.1371/journal.pbio.1001745},
  year = {2014},
  month = jan,
  publisher = {Public Library of Science ({PLoS})},
  volume = {12},
  number = {1},
  pages = {e1001745},
  author = {Greg Wilson and D. A. Aruliah and C. Titus Brown and Neil P. Chue Hong and Matt Davis and Richard T. Guy and Steven H. D. Haddock and Kathryn D. Huff and Ian M. Mitchell and Mark D. Plumbley and Ben Waugh and Ethan P. White and Paul Wilson},
  editor = {Jonathan A. Eisen},
  title = {Best Practices for Scientific Computing},
  journal = {{PLoS} Biology}
}

@article{Wilson2016,
  doi = {10.12688/f1000research.3-62.v2},
  url = {https://doi.org/10.12688/f1000research.3-62.v2},
  year  = {2016},
  month = {jan},
  publisher = {F1000 Research,  Ltd.},
  author = {Greg Wilson},
  title = {Software Carpentry: lessons learned},
  journal = {F1000Research}
}
